%% This BibTeX bibliography file was created using BibDesk.
%% http://bibdesk.sourceforge.net/


%% Created for Ren√© Schwaiger at 2013-07-21 18:28:29 +0200 


%% Saved with string encoding Unicode (UTF-8) 



@article{Clarke1986AutomaticVerification,
	Author = {Clarke, Edmund M. and Emerson, E Allen and Sistla, A Prasad},
	Date-Added = {2013-07-20 13:25:22 +0000},
	Date-Modified = {2013-07-20 13:31:37 +0000},
	Journal = {ACM Transactions on Programming Languages and Systems (TOPLAS)},
	Number = {2},
	Pages = {244--263},
	Publisher = {ACM},
	Title = {Automatic verification of finite-state concurrent systems using temporal logic specifications},
	Volume = {8},
	Year = {1986}}

@electronic{Veith2011ExerciseSolutions,
	Author = {Veith, Univ. Prof. Helmut and Holzer, Andreas and Zuleger, M.Sc. Dipl.-Math. Florian},
	Date-Added = {2013-07-16 19:50:34 +0000},
	Date-Modified = {2013-07-20 13:31:14 +0000},
	Keywords = {Kripke Structures, CTL, LTL},
	Month = {January},
	Title = {Exercises on Formal Methods in Computer Science},
	Year = {2011}}
